
# Book input
@book{Goodfellow-et-al-2016,
    title={Deep Learning},
    author={Ian Goodfellow and Yoshua Bengio and Aaron Courville},
    publisher={MIT Press},
    note={\url{http://www.deeplearningbook.org}},
    year={2016}
}

# Journal rticle input
@article{test,
	title = {Test References},

}

@inproceedings{Axelrod-et-al-2015,
    title={Domain Adaptation via Pseudo In-Domain Data Selection},
    author={Amittai Axelrod
 and Xiaodong He and Jianfeng Gao},
    publisher={Conference on Empirical Methods in Natural Language Processing},
    note={\url{https://aclanthology.org/D11-1033.pdf}},
    year={2015}
}

@inproceedings{Bahdanau-et-al-2015,
    title={Neural Machine Translation by Jointly Learning to Align and Translate},
    author={Dzmitry Bahdanau and Kyunghyun Cho and Yoshua Bengio},
    booktitle={Proceedings of the International Conference on Learning Representations (ICLR)},
    note={\url{https://arxiv.org/abs/1409.0473}},
    year={2015}
}


@article{Kingma-Ba-2014,
    title={Adam: A Method for Stochastic Optimization},
    author={Diederik P. Kingma and Jimmy Ba},
    journal={arXiv preprint arXiv:1412.6980},
    year={2014},
    note={\url{https://arxiv.org/abs/1412.6980}}
}

